@INPROCEEDINGS{Johnston1992,
  author={Johnston, J.D. and Ferreira, A.J.},
  booktitle={Acoustics, Speech, and Signal Processing, 1992. ICASSP-92., 1992 IEEE International Conference on},
  title={Sum-difference stereo transform coding},
  year={1992},
  month={mar},
  volume={2},
  number={},
  pages={569 -572 vol.2},
  doi={10.1109/ICASSP.1992.225993},
  ISSN={1520-6149},
}


@article{Huffman1952,
  author = {Huffman, David A.},
  journal = {Proceedings of the Institute of Radio Engineers},
  month = {September},
  number = 9,
  pages = {1098-1101},
  title = {A Method for the Construction of Minimum-Redundancy Codes},
  volume = 40,
  year = 1952
}


@book{Bosi2002,
  author = {Bosi, Marina and Goldberg, Richard E.},
  title = {Introduction to Digital Audio Coding and Standards},
  year = {2002},
  publisher = {Kluwer Academic Publishers},
  address = {Norwell, MA, USA},
}


@article{Bosi1997,
  title={{ISO/IEC MPEG-2} Advanced Audio Coding},
  author={Bosi, Marina and Brandenburg, Karlheinz and Quackenbush, Schuyler and Fielder, Louis and Akagiri, Kenzo and Fuchs, Hendrik and Dietz, Martin},
  journal={J. Audio Eng. Soc},
  volume={45},
  number={10},
  pages={789--814},
  year={1997},
  url={http://www.aes.org/e-lib/browse.cfm?elib=10271}
}
